@book{Mum74,
	title={Abelian varieties},
	author={Mumford, David and Ramanujam, Chidambaran Padmanabhan and Manin, Jurij Ivanovi{\v{c}}},
	volume={5},
	year={1974},
	publisher={Oxford university press Oxford}
}
@article{milne1986abelian,
	title={Abelian varieties},
	author={Milne, James S},
	journal={Arithmetic geometry},
	pages={103--150},
	year={1986},
	publisher={Springer}
}
@incollection{milne1986jacobian,
	title={Jacobian varieties},
	author={Milne, James S},
	booktitle={Arithmetic geometry},
	pages={167--212},
	year={1986},
	publisher={Springer}
}
@article{van2007abelian,
	title={Abelian varieties},
	author={van der Geer, Gerard and Moonen, Ben},
	journal={Book in preparation},
	year={2007}
}
@book{milne2012algebraic,
	title={Algebraic geometry},
	author={Milne, James S},
	year={2012},
	publisher={Allied Publishers}
}
@article{vakil2017rising,
	title={The rising sea: Foundations of algebraic geometry},
	author={Vakil, Ravi},
	journal={preprint},
	year={2017}
}
@book{hartshorne2013algebraic,
	title={Algebraic geometry},
	author={Hartshorne, Robin},
	volume={52},
	year={2013},
	publisher={Springer Science \& Business Media}
}
@misc{stacks-project,
	author       = {The {Stacks project authors}},
	title        = {The Stacks project},
	howpublished = {\url{https://stacks.math.columbia.edu}},
	year         = {2023},
}
@book{bosch2013algebraic,
	title={Algebraic geometry and commutative algebra},
	author={Bosch, Siegfried},
	year={2013},
	publisher={Springer}
}
@book{shafarevich1994basic,
	title={Basic algebraic geometry},
	author={Shafarevich, Igor π Rostislavovich and Reid, Miles},
	volume={2},
	year={1994},
	publisher={Springer}
}
@book{bosch2012neron,
	title={N{\'e}ron models},
	author={Bosch, Siegfried and L{\"u}tkebohmert, Werner and Raynaud, Michel},
	volume={21},
	year={2012},
	publisher={Springer Science \& Business Media}
}
@book{gortz2010algebraic,
	title={Algebraic geometry},
	author={G{\"o}rtz, Ulrich and Wedhorn, Torsten},
	year={2010},
	publisher={Springer}
}
@book{milne2008algebraic,
	title={Algebraic number theory},
	author={Milne, James S},
	year={2008},
	publisher={JS Milne}
}
@book{lang2019abelian,
	title={Abelian varieties},
	author={Lang, Serge},
	year={2019},
	publisher={Dover Publications}
}
@article{grothendieck1961elements,
	title={{\'E}l{\'e}ments de g{\'e}om{\'e}trie alg{\'e}brique: III. {\'E}tude cohomologique des faisceaux coh{\'e}rents, premi{\`e}re partie},
	author={Grothendieck, Alexander},
	journal={Publications Math{\'e}matiques de l'IH{\'E}S},
	volume={11},
	pages={5--167},
	year={1961}
}
@incollection{katz2016arithmetic,
	title={Arithmetic Moduli of Elliptic Curves.(AM-108), Volume 108},
	author={Katz, Nicholas M and Mazur, Barry},
	booktitle={Arithmetic Moduli of Elliptic Curves.(AM-108), Volume 108},
	year={2016},
	publisher={Princeton University Press}
}
@article{grothendieck1959technique,
	title={Technique de descente et th{\'e}or{\`e}mes d'existence en g{\'e}om{\'e}trie alg{\'e}brique. I. G{\'e}n{\'e}ralit{\'e}s. Descente par morphismes fid{\`e}lement plats},
	author={Grothendieck, Alexander},
	journal={S{\'e}minaire Bourbaki},
	volume={5},
	pages={299--327},
	year={1959}
}
@book{fulton2013intersection,
	title={Intersection theory},
	author={Fulton, William},
	volume={2},
	year={2013},
	publisher={Springer Science \& Business Media}
}